11158300557931223166740386188232159043103438874186464020325111804966734131657692410479146265045904602649955203641183119616072893822515386102638054
1.9656489008514271192534503230414429850e-159
2.1791766146604152639405581965682760873e-159
2.4294857353295698271449793910622880973e-159
2.7255358672471892202410746440594297079e-159
3.0791906076944077345050540540777333935e-159
3.5064248557134692569892799283141914825e-159
4.0291610133238403988801946176158912063e-159
4.6781383576909505200458787276009016396e-159
5.4975375859419811258195726332809723303e-159
6.5527040218860926759630644272969938423e-159
7.9435911438692771140534844151087767466e-159
9.8293334373459227334360022471972466395e-159
1.2475873519522757107205052618286112126e-158
1.6355135087290521105327891874188897245e-158
2.2370962867824107451400721927892874797e-158
3.2437529952540446712586853595387779764e-158
5.1213945961404135207442246170117867869e-158
9.2651498828246731469541147241844575785e-158
2.1597833248887445653226627610644684231e-157
9.6449397707702582109383881706151005281e-157
7.5241053683321369099261588221863308563e-155
6.4122022425970323733378725830698119002e-157
1.7619527551115563785091516815795350212e-157
8.0897810157395247581155327512118577756e-158
4.6260347144654182412757433554503480368e-158
2.9902468264259679770996792749483336918e-158
2.0904284306366211386118861336734249553e-158
1.5431653276757151790938746662357397722e-158
1.1857274080058298730332774098632975630e-158
9.3949007575048099265102369597572735116e-159
7.6269050901660182303536660984312562247e-159
6.3147816459018905999947070947438882143e-159
5.3142817791925963247255851457100905608e-159
4.5340057660473320938176189598033082554e-159
3.9137623384810421369400310755750670110e-159
3.4126027354855651369465735784876378620e-159
3.0018844235995084005020729400962926044e-159
2.6610857943650832652175129174587122592e-159
2.3751920522961635561043271556125356975e-159
2.1330126421852898091248839425099457001e-159
1.9260692861045881245846865792046677487e-159
-19455072574206722132482407888072712680086863021269881304026463773415623493392240774812122645015365774997923925538822797190264940486822854694291850
1.7644951231489706322274138338477293648e-158
1.9590950007523806491563298023734962574e-158
2.1877566469431088605554245770634341404e-158
2.4589192498401293459246482558688687323e-158
2.7838072034763422202383970237655240968e-158
3.1776106263145687051269860295234878182e-158
3.6612937161348310156031860702968251245e-158
4.2644436934693949529836472189563070324e-158
5.0299054727877115936955065587401115805e-158
6.0216059713115812970736223423576478199e-158
7.3383476750836218115059623857402594673e-158
9.1394056778528297071051823805616622769e-158
1.1695059059766665030357288677732367634e-157
1.5494236444220000566630503513918767170e-157
2.1497007042971847402311649546087939541e-157
3.1806492039993097648516639218752348426e-157
5.1796874997172401326636482779290099174e-157
9.8850480854762409150716481340751597833e-157
2.5836880481851590966313585155804819629e-156
1.7586224658153308623465905268992337890e-155
4.7424738018299605272665847435014213789e-155
3.5750842034845087557799778973906419610e-156
1.2008468795311721052043623692213724764e-156
5.9517366095006418712162976163173576571e-157
3.5435579607586026723056712551293151462e-157
2.3483730382312721471461651786116318149e-157
1.6697511479536193656926150567071136290e-157
1.2478210229391758584770098513324888978e-157
9.6773311415178361938381999244676303452e-158
7.7236242893025312678447011355768698493e-158
6.3069375115621138884083819765250374606e-158
5.2470779575933845608563864633432619943e-158
4.4335474997936719818380805430331207212e-158
3.7955301494029170442736827748878605771e-158
3.2859430174904222389598975502930780830e-158
2.8724941337383359546884846215887124897e-158
2.5324377449921212249654729166181094115e-158
2.2493776927227520816741122162220434179e-158
2.0112533237606330037139965057075764178e-158
1.8090331758798008968975585293457221513e-158
1.6358458246080941467021905449659779054e-158
34715202484182634433427861689521655507209382920683111289950095361555458825874121486578719569416204152741592190498399643849850327150193233005629759
1.7584297252844458238248453007915982856e-158
1.9523467308612833134059726723580536534e-158
2.1802033976868510211828200089323958305e-158
2.4504079818218417292189466672272966716e-158
2.7741434981061035845796693972473134410e-158
3.1665437024642463703908650669839126129e-158
3.6484944362545929524613059652920669318e-158
4.2494714142268106312386040496907885016e-158
5.0121565408473390273510966905543647732e-158
6.0002308263105070869117689169025227297e-158
7.3121117683929423172970461118071267773e-158
9.1064442644167594379908474665893417549e-158
1.1652418005446533914764534998245362358e-157
1.5436945305874283833076671759971473623e-157
2.1416019269462831551399467747906348925e-157
3.1683482965376530083010012978399299021e-157
5.1588514237244036266842741712844561365e-157
9.8425797279354310432455685869609420631e-157
2.5710103829790161788307776300609758428e-156
1.7454749310380113576751146832521818719e-155
4.7595559093780408482889805941577062880e-155
3.5700229803727559223558178560599118441e-156
1.1981922173194701313955433780110537945e-156
5.9366504732267714061491883125295980612e-157
3.5339523330574878123058316636227194173e-157
2.3417476907404356166037929341109410620e-157
1.6649137025562016116285839489479129019e-157
1.2441369631261744163795525434939728928e-157
9.6483525444927844204783288805293072545e-158
7.7002402989682920769924583062933324449e-158
6.2876740953600933027697182170617483767e-158
5.2309361011394018293278573846233017248e-158
4.4198264618444679595135810677485457021e-158
3.7837240396825986832852161864924177924e-158
3.2756775576656596556921009707245984915e-158
2.8634865176317678385500381064344304848e-158
2.5244703298976195896361233827092163563e-158
2.2422802688908631978161914993747187612e-158
2.0048908697922542597452882210143170064e-158
1.8032972183274605663729095589030619650e-158
1.6306482227585526204764150154588044989e-158
-77037525370172672196428966991515188391929111346221008352900913279031155391761495365852851586231658743847769422839454610570091173663578786430620260
1.0197703734716665167217152303237383725e-158
1.1284160519275424408289135383488908708e-158
1.2553964118950206066070476937429154048e-158
1.4050815320600413050880281877133459439e-158
1.5832255440951610456688489775357942968e-158
1.7975280073980055913372887414795620419e-158
2.0584800643992983923170316041138954676e-158
2.3806732925928344056383591870185740709e-158
2.7848847298993710576867295777969394905e-158
3.3015124032019445784778066705487637195e-158
3.9764620751713562480145523585064547835e-158
4.8817085247648246989922952484576355636e-158
6.1353101425479547160617411039675007197e-158
7.9419462375157889976653635755356889757e-158
1.0682089834402469091073991272832213255e-157
1.5130033949819783121610754803667780191e-157
2.3067564415789768802104091391631339260e-157
3.9391375697072607875202398536972326525e-157
8.1968788190267972564709784051001346348e-157
2.6375424249821476709891061767701106026e-156
6.2036510460390123738098454729530260432e-155
7.6386774811613618535481220021305396906e-156
1.3821311444010639819133888234542978668e-156
5.5743148975125170150460973879997496495e-157
2.9920599997138219932385015418448197165e-157
1.8628114053604184215534140959571488621e-157
1.2703098065475823363133158175830055618e-157
9.2133840141291941560705450421159542338e-158
6.9865238519016819731299511286013154434e-158
5.4792783713223935939636766672557508078e-158
4.4119525194356052833917016426370253974e-158
3.6286261533047490821135751831081981814e-158
3.0368007098885280623253714840729490741e-158
2.5787845561748107800254126914280060025e-158
2.2170815787558450378158770759573322506e-158
1.9264654667714932007582528657319990551e-158
1.6894590190417243538633139628669121818e-158
1.4936437377868219506332107182195681111e-158
1.3299993209337459656455073685048999198e-158
1.1918459381344914932022875376923744047e-158
1.0741515897879082654559666336471704882e-158
180004176675753313247263020898765919153097137949286917212129251567165610062511264035853021051792112543591301139381591573785441552245966611634139536
1.9661622335208213202953980894863215276e-158
2.1836390443343922415499476930973286688e-158
2.4392999635546031749980543946961204198e-158
2.7426366860234032218925273987572897063e-158
3.1062844639371097219954359808033933307e-158
3.5473595157960894438969555397144304847e-158
4.0895105822285648299484727136982186017e-158
4.7661561726647212211837278027953595109e-158
5.6257605830845229194753207612047073460e-158
6.7407598997123610234543534708158436966e-158
8.2233371816504204473949190071419223098e-158
1.0254784479570018576063799445809254962e-157
1.3143678044801198986606648107399537579e-157
1.7450370847573510441901542754912381021e-157
2.4280707469487071191887646240060670448e-157
3.6073771886046961170149723041449512535e-157
5.9124708957123896663557525059882324826e-157
1.1412587825140474826260184446920924794e-156
3.0604178151363068635959632801868420619e-156
2.3297974908253880662492096745536031463e-155
4.0430661905813340880341529305549835732e-155
3.6739403736180952960219658376955099151e-156
1.2734261898051442771298458952418901416e-156
6.3937765533367388456037499954724780205e-157
3.8337666439638850797323014416723111413e-157
2.5520471919659674420821964567061110941e-157
1.8201386414442126736519909707295585191e-157
1.3632534358495943321463561298871583467e-157
1.0590593384847196509898353203302306515e-157
8.4638658953066579083810891247489890326e-158
6.9188999874899672621024878583217894866e-158
5.7613512802464032153648934772193568815e-158
4.8717378716363403716710904871556281451e-158
4.1733240213999045706530699858708645753e-158
3.6150001988955200422999515151947026041e-158
3.1616595582067022223844400868611916180e-158
2.7885412374843611590659345599879617605e-158
2.4777761281773216099439029479740404622e-158
2.2162069128815754861289792379502233932e-158
1.9939721380884283396776263587580133107e-158
1.8035629343001997027388490592294046330e-158
-317539981796361564772638522050713495905979284529420975952134212785458742654918975119844343526554473254164149648889094127787435324807306243650225245
1.1713957458574347838317492733092631138e-158
1.2960236486426104875432961179242294919e-158
1.4416527684659827884791450107078537071e-158
1.6132810492325455508476028142799694200e-158
1.8174867510014035107306689723414445442e-158
2.0630683112287516141927074701603950869e-158
2.3620081953605692699309268878802748476e-158
2.7309627410835524728299845000722884798e-158
3.1936335789622608568240446213787346429e-158
3.7846713989623521414977056494369703003e-158
4.5563577140347328719075283960781530161e-158
5.5905769912656322970392404913876765849e-158
7.0214697630542523487503138501766393706e-158
9.0812267574161569043721901084144021462e-158
1.2200584767047995043813561832793205694e-157
1.7253774011586697820617105259103973698e-157
2.6245045083192584142618122371178391287e-157
4.4651682381078907105515457374012717140e-157
9.2269976055632008729535890382864794524e-157
2.9163048652969436972706741294043463536e-156
5.9074289514933557652475763613786952857e-155
9.4463819852780579294611404730852323459e-156
1.6401560834790936354019338531018245818e-156
6.5426180010012667351170942181522968087e-157
3.4939540643771637420416535964652246501e-157
2.1688971369199382607870606570013595134e-157
1.4762121279217664849995936898317995001e-157
1.0692379912585056163710995765250714396e-157
8.0999730571466914356035286907481096330e-158
6.3476385921488552709997702464023093354e-158
5.1080441974859383953598683581706892302e-158
4.1990441503457701519642517280236886048e-158
3.5127373165530451238317985669160411650e-158
2.9819043767619755756040789217090184535e-158
2.5628993783586546716468824570333115227e-158
2.2263827490698941178794741713273393824e-158
1.9520418783436355064553157654666557444e-158
1.7254523645279891853116066246256783306e-158
1.5361424883683972659942586422276382632e-158
1.3763612476441924674675476729472560732e-158
1.2402721582258742351469379758819692513e-158
-700506939959624053712683324336769821647441399345334912256670927703055420105037452441393033387865311460838141561811701550194874330300806690684476836
5.4452297339055155680415213590750840403e-159
6.0390862012293821009786475640094378627e-159
6.7356663045817260546766964460498645250e-159
7.5601036788373406275623484935649097718e-159
8.5457167972047535719821379013312420582e-159
9.7374289360490675083477569266033425060e-159
1.1196979279647695465208563283238228148e-158
1.3011083330736025531029584497434554777e-158
1.5304616790785594748064575767217897479e-158
1.8262694930286577928381506856833569608e-158
2.2169231626215237175489323561004022879e-158
2.7477695183604321886313366005227917154e-158
3.4948896430279183772579982095696635453e-158
4.5939584079989292530056764440331935532e-158
6.3064849168977261698136427579220627555e-158
9.1910681336754707732448330827367338530e-158
1.4624109068529473982644880339813819071e-157
2.6806926092120219376444141035382391651e-157
6.4218004093116622086493987530632449795e-157
3.1399850705042730659726777834825822668e-156
7.0369678545217760687705270898663563546e-155
1.5518091377197811351787592949877914546e-156
4.5267953226707854655375706609351526946e-157
2.1239593216346466149018315320709272227e-157
1.2282343707841521056226452882266807701e-157
7.9937267075457031240258973211243860418e-158
5.6140944935962412512856381901101901397e-158
4.1581296825076718295068074751426986907e-158
3.2030034312965164162518812017816503294e-158
2.5428094094449271316380513548043637013e-158
2.0675285685376273456948904033011692889e-158
1.7140389755976818566668319737864861757e-158
1.4440225460341051543810733815210439199e-158
1.2331258630828964343324639914840713658e-158
1.0652700562837476237676888519116533259e-158
9.2949278842999960417850756831069485257e-159
8.1811191038652881450620248207001254634e-159
7.2561444627794900340866944188681135423e-159
6.4796104625486105415556959669886648868e-159
5.8213738622302220375378765895808281170e-159
5.2585716841299590417641583067712011067e-159
-1195198059453384778376980678614963451734801578911748456067955989194331612961897612920999937417506132191455082860075136968214287453960611936294993317
1.3402768079549787558234619384019518169e-158
1.4826432368965992803291058992900408781e-158
1.6489593274575251125657531715576669604e-158
1.8449144672153883911529480715462738982e-158
2.0779935567154205260219760265394094263e-158
2.3582025229855653387219458939431690877e-158
2.6991603908053628674032864192419987085e-158
3.1197859204423285882630286742655952982e-158
3.6469797286222154648547295331484474184e-158
4.3200347068290915185653360537771611928e-158
5.1981753864406835908207509880526510075e-158
6.3740464077884962408312084372974044181e-158
7.9991887715998552316091357902786707174e-158
1.0335427341341498794056036154676852055e-157
1.3867328600245644094882088733826095111e-157
1.9575315954649779993221951882004991804e-157
2.9697391558625496512318392458769908733e-157
5.0310202404978635295641162249771761344e-157
1.0313719697607976403102142529097052520e-156
3.1944722185710970171718358888411232451e-156
5.5420703611785528251186947582985823562e-155
1.1821530022006033356710032006773588430e-155
1.9505206789974270547208055420734186117e-156
7.6786019950647272925140694508356383089e-157
4.0758071524934440124080572803919773330e-157
2.5212874245639122105001638533601305561e-157
1.7121827020800226145359116562384175734e-157
1.2381887165972556598168071266149353492e-157
9.3688461555096276157678468908456260323e-158
7.3353701467421801095761642253596367936e-158
5.8986519380345140535962934820756510703e-158
4.8461306356856116742592923412976358894e-158
4.0521007026373956438356343822079810630e-158
3.4383591574388645078435590464171048090e-158
2.9541864323756619589970921665643464251e-158
2.5655209094904937280919646030175904448e-158
2.2488002831683341315797579439775234445e-158
1.9873044599718786856791761818851018290e-158
1.7689027119665129007151695480938992487e-158
1.5846210226761572952979259457673736921e-158
1.4277052968125146903560921275816363568e-158
2806978658429630169145813129378180253695401677633505865191677395369332576625130454240637117687100450611932946647440056123023179767770461075185092932
1.6111284979531541524387737130371053389e-158
1.7817541091694366670591317807401993878e-158
1.9809928212055364250567925169272130179e-158
2.2156191692846875152582591389161362677e-158
2.4945380853825123283330307317057221157e-158
2.8296424748542196232618827855618697114e-158
3.2371023203865193733015284152805811902e-158
3.7393525652354959780746125638202241733e-158
4.3682487393932673930893488911400809334e-158
5.1702455244709706894468170223860957353e-158
6.2152284091110087035791893624887375737e-158
7.6122703061529872537670847397701530425e-158
9.5392926718214209446177563013286355909e-158
1.2302650479267101317538910071385885472e-157
1.6466863119867658408859660121120700632e-157
2.3167591819096152475661637715293053732e-157
3.4976692254999427440563350001223784065e-157
5.8795194682140514638206910144887592060e-157
1.1880833335218078902653096407062026305e-156
3.5503245004530882812666517401890527230e-156
4.8222866631619536228168900955735867939e-155
1.6975113620944317487785105336729326424e-155
2.5240889765268457568303477599335140906e-156
9.6847104876225925904380182114127613804e-157
5.0812277660424407593496691624657234091e-157
3.1224617735581565594882372617290146361e-157
2.1113642076561232007418322669985779438e-157
1.5222907422073752533604091175229689503e-157
1.1493036827169784254445218323902928085e-157
8.9831975023735666043884298377185497295e-158
7.2139834072989982469443384059616552460e-158
5.9202634015784251160076788471231293864e-158
4.9457418136483643094682246801179039787e-158
4.1934370087746683092888572195204208508e-158
3.6005855052111503127354114716440208722e-158
3.1251138411724323405125524886278958959e-158
2.7379626328673270011966303783529726747e-158
2.4185386797284222596038907019528040915e-158
2.1519187761120797996864874253068565793e-158
1.9270745182938652068841033652924404704e-158
1.7357132484376109923396939228849410487e-158
-5442949334094757941246210982601287591662019479699608295925747114442424222902533902903831065290701111092500292970606678196098715647051116430456184702
1.5072431868446648516768421293675745607e-158
1.6670650849082172010623980796661291419e-158
1.8537234759193789916839917644583630111e-158
2.0735810747639858100949261964632694341e-158
2.3350044364372858109401169980880850563e-158
2.6491718560018734292101636331189553804e-158
3.0312884832997483461548521561242512770e-158
3.5024613042980714621372887865255029916e-158
4.0926777072983752268550439966706321572e-158
4.8456975749938351242770169135020875228e-158
5.8274045189356304508658199158922479813e-158
7.1407225288833932564861608718838297881e-158
8.9537346765282670060578539203294553242e-158
1.1556265076979470916371252545057649681e-157
1.5483332824422889226101996692453651064e-157
2.1813805560709463820364070414398128585e-157
3.2998944724637262739127670440699984766e-157
5.5648330487950691049471105313869564855e-157
1.1311573091703835657966627195088066067e-156
3.4299006310659617205194482471663265078e-156
5.1258389810123455902686106361109234872e-155
1.4723977027758516763247229024564371382e-155
2.2895034488375562552942608692670763027e-156
8.8803046356971103386901480784629256877e-157
4.6819742647571579411103088600660723717e-157
2.8851146028188666488658809156388157155e-157
1.9543714524756265370860483829592506590e-157
1.4108641936647390762643707066255937898e-157
1.0661632889697043315663521428196933251e-157
8.3392748805855378087931532162753932298e-158
6.7006495492034253658330944399959552873e-158
5.5015019576508852166072722496918591718e-158
4.5976515693070383070707652898192416524e-158
3.8995374986774167574595828664525221745e-158
3.3491467691297415501779071458912804481e-158
2.9075610098984967455703495910015719544e-158
2.5478826226851106121228506421694488719e-158
2.2510397156743694153071915548560177927e-158
2.0032047713367956484202110563564603633e-158
1.7941547098321521382451240375883538346e-158
1.6161994853971377501056792326047338376e-158
10642848661857666148883117939769958669267649699564375347029174125013507405972144028788089394510716808524494115889313678692439567397454368449806489476
2.0505279957305456709983124221957650728e-160
2.2716644153617957032292247201632641684e-160
2.5306017223005435146718383823895258484e-160
2.8364732664676417330039663232547884150e-160
3.2013472005060633982340629523103326275e-160
3.6414353722901474971233309112194034160e-160
4.1789257196557726825246491981023849345e-160
4.8448347147944766269591602275616603986e-160
5.6835844536295604037414716810107037238e-160
6.7606078301975613077345661680286593774e-160
8.1755080284433612634841258296587147281e-160
1.0085942737610861188282993250526954620e-159
1.2753522755947968048835158118332574321e-159
1.6638382704032031139516791874803768605e-159
2.2611769346351374627895103857062004942e-159
3.2490747862553570816371251804094895273e-159
5.0602926205354507841022113478766606834e-159
8.9478349789075426063092829922783349342e-159
1.9918148061898734366803636403593627895e-158
7.7179504091405643128931637256911409092e-158
7.7583355675237828655260037423657089912e-155
8.7922016601970781912273623242143871444e-158
2.1258826034123813087785223407439002631e-158
9.3449558556743760997092833143312218292e-159
5.2278107137521236893894045689168399815e-159
3.3348399561710526809460450774961659432e-159
2.3108082692646782274082417697964858404e-159
1.6950924998037998804551234116205525137e-159
1.2962899551075565456470985306813078324e-159
1.0232993729880837137699977206796915328e-159
8.2827076683891420989631900371347875100e-160
6.8411482098208414312123063952998542115e-160
5.7456208801939564825300764260591283609e-160
4.8936279380521798787780938522536101154e-160
4.2179922379277939442060035383258352005e-160
3.6731978542459394103646310063550340713e-160
3.2275186492891295611962145390746365287e-160
2.8582925526035275345913563146430568558e-160
2.5489827352954906933101883339938776880e-160
2.2872932236212937526963761057477155773e-160
2.0639277375349618855053301812014914128e-160
24845133989185280790090350964672258817384600966300170727956636111714723153990970474587653696065798627312154542398486847916148943857156425915261985995
2.0421807357088795491936347543828586762e-158
2.2684844612985720932023030126015347598e-158
2.5345999995685148107441659199813207804e-158
2.8504442512774122955501328999518765363e-158
3.2292257826495581782354552922819682408e-158
3.6888485700227488555912189800653004318e-158
4.2540672266038419576956117288951212918e-158
4.9598912774194099862569237159924080303e-158
5.8571398501624107721786122077737252138e-158
7.0218518418494567493945998298376762065e-158
8.5719432408985198194231404939121125519e-158
1.0698270047568043512126792742210822853e-157
1.3726316221483208589888321006739916811e-157
1.8248585487783141902887678214350368303e-157
2.5438117708082159853433542663618038154e-157
3.7893559233409907469308021758160612898e-157
6.2364977275131424656106742239790523735e-157
1.2127268759801009797091563140483334179e-156
3.3075058084491635690246791652183621587e-156
2.7227166389331552579084742073661367700e-155
3.6043621357281643935499846718560016955e-155
3.6312002152785225256977893409616048043e-156
1.2825961223309510350286624817095430139e-156
6.4910743507580990842085070388948601982e-157
3.9091266769830346059198738818454062551e-157
2.6094086045796534100346772346181355494e-157
1.8645979099417978820079248444549811410e-157
1.3985001009271170688608184649262895991e-157
1.0875972619149677877411426619248064658e-157
8.6992280968705961994914560073835501248e-158
7.1161227117295194388102355286217977727e-158
5.9288945388506234590468396628365807700e-158
5.0157656333882037945762205948625129483e-158
4.2984219925593995010306514850067707051e-158
3.7246447607110640127880770082661280688e-158
3.2585310098607732974856955860679471401e-158
2.8747376251535550758272880909281861920e-158
2.5549622177471092107091035163604944733e-158
2.2857199531641309372674763318940930579e-158
2.0568982586723084336545879392468935673e-158
1.8607932135109379397436747685254643980e-158
-26238241005719375101499462558989361385896194492900003274775090992718898990614033283969617788783566574776266093947966017915897875322069633291675087558
3.1384485931017784113158387337940505974e-160
3.4782423918121379906006042128291939660e-160
3.8763618264703091376719209645040976363e-160
4.3469615063253914993915797624045678217e-160
4.9087656461683325238136476934379789411e-160
5.5869597901202318329740873931528231598e-160
6.4160634622808098205929044207680206673e-160
7.4444112324117515822481336920649456387e-160
8.7413602025925058233922984201992861282e-160
1.0409298675328105467835931675963367126e-159
1.2604491955794496828585645270864991856e-159
1.5575061467068457041368147703130489185e-159
1.9734306235131522251287313334093240522e-159
2.5812636449240844853780034709382471655e-159
3.5201577371710499062139811233209738261e-159
5.0827251220604654651173504479264949560e-159
7.9740256797417648182906000125104106988e-159
1.4272433492520857422319266323579598940e-158
3.2553409318619659275923654160627443492e-158
1.3572190289521522474285851238480043825e-157
7.7441981864972829110245875995655514881e-155
1.1556064752438115673548469288366195260e-157
3.0039354545884916797741103504092278099e-158
1.3527862476928260742386213273196445750e-158
7.6599590924224336618716083926697803586e-159
4.9219347129375568275615940145400286818e-159
3.4271114044059572525643508034252053444e-159
2.5226702642030245263334275714974416204e-159
1.9341782423258558548680407695650891221e-159
1.5299382367623825879737578636484038896e-159
1.2403523414555991428963065679006490838e-159
1.0258308881975823605905660755184448942e-159
8.6250601109693080593666459337438025232e-160
7.3529383641043147175939815868108915044e-160
6.3428253563388649707905900424657554672e-160
5.5274146239090188780560686120554535440e-160
4.8597020263668387694921689922381916217e-160
4.3060569068438440257734316125461154962e-160
3.8419029693564556671330158374402768424e-160
3.4489430989989415798383207008507159309e-160
3.1133281338343681653170020207253595616e-160
60107278955569246152527912065474873451245851537185358336758580704770863187107489647390185211924346195650258301891158302343584537566792754920066381323
3.7138733361396939773195558464328513475e-159
4.1181899099478406473665153901970964526e-159
4.5923129482141737920078262657406612637e-159
5.1532882157825993561338338818298134263e-159
5.8237007359691307485715118692936673202e-159
6.6339840901345564595582882017094252358e-159
7.6259362322875450945739331851952537040e-159
8.8582199171082601869671560276891283012e-159
1.0415239489201310940233685340644126620e-158
1.2421988368594952560775479728073245236e-158
1.5069940223963348100921195420507935572e-158
1.8664475947174105626500931064495094846e-158
2.3717045583559572598760393672177199024e-158
3.1137692613090980557667709597064704148e-158
4.2675468357511304526939267155085043603e-158
6.2052010614038030161165659926617459593e-158
9.8386858021635298664779807151582385972e-158
1.7927561134334231236481573228794310483e-157
4.2415176142614614740976030252562869383e-157
1.9885124518956587182193649337969304004e-156
7.2839008782857510621853209997925121211e-155
1.1233834675184187797567305300908535247e-156
3.1926383204613346736687284669384345495e-157
1.4837142852174271275931325658777290047e-157
8.5374661933755316092036252971886595639e-158
5.5395797741134606892221887224401325915e-158
3.8825387384162181687404297343469930577e-158
2.8713870600611789674457496346750995692e-158
2.2093586608897337242448303567650978075e-158
1.7524419216166735764377906955814004167e-158
1.4238917277256253062419916549117224651e-158
1.1797672110765638518177938989496134890e-158
9.9343825310134427742569976748045254253e-159
8.4800285224757757818197851592889096305e-159
7.3231449582632328711375930401071692097e-159
6.3878100804747344499078502710472763881e-159
5.6208639928789069639653838792454886253e-159
4.9841849395056057089466031964920828234e-159
4.4498589174345896795727900926543004090e-159
3.9970671021887264077236109377446933219e-159
3.6100267967816343811315387140811460403e-159
131559552185581265028889126906885400739660188152827022818556991064937838414286000344865353717816873199141531925840946591874140431336891616291897952872
1.9723857500547732232895100522104506566e-158
2.1905771796782272364286165219495558599e-158
2.4470830630922121572483983242320966301e-158
2.7514287822930339615423434120582162638e-158
3.1162948874593052592828902027649119357e-158
3.5588596523650754876059612646872483479e-158
4.1028586434704497830339651016051603598e-158
4.7818348243624479066992972023235989165e-158
5.6444359283452622883062449217537885404e-158
6.7633773756028069286138458461793774376e-158
8.2512843274117321125358608656854719694e-158
1.0290181805639878927010027257508525109e-157
1.3189932481066720300640100045444597297e-157
1.7513314521609133201889835242331804709e-157
2.4371188570687230589825043359310269583e-157
3.6214396150863464397456695673318314021e-157
5.9371045363091086896033767288116288818e-157
1.1465583270006047899444341773943189082e-156
3.0779557708721020612079709210114746335e-156
2.3546420905734934216477200731631639140e-155
4.0143792225902111630003022259594936732e-155
3.6735747402712384015123191723224263252e-156
1.2748903373685260102084096669434758868e-156
6.4044645738375097428988889586988745527e-157
3.8412736953673932493473248605523696369e-157
2.5575065700772130124354102728357186110e-157
1.8242594543052158469160692260777471020e-157
1.3664642181492461421545954534269733899e-157
1.0616273764464573911614550845694014654e-157
8.4848534947080772959093346922828004809e-158
6.9363632964161378341990029784529292370e-158
5.7761036660819504377812723909401525448e-158
4.8843618650075042997790229631136089856e-158
4.1842472607162723838575884395768599132e-158
3.6245434386483987420193815733745901010e-158
3.1700679565297073195576626336808206981e-158
2.7960053082048264492830314619844275967e-158
2.4844461154447968792982728839076701539e-158
2.2222028688437344246831774479221025084e-158
1.9993911264399940868795435460677418062e-158
1.8084842700877008134152801403948513976e-158
-338248260898773069116041449870025789703995332641649211267574668797198850616253546742270760453033054880945943285967986242498980312932150957410100197887
1.7421649487697049695765425935487475022e-158
1.9263143507087377504915563186861871377e-158
2.1412822843589503062731057883152756382e-158
2.3943498329276395530874019870727086190e-158
2.6950825662175484645871510989261434909e-158
3.0562479162839748299517688287652693100e-158
3.4951929728845103696252235183755258739e-158
4.0359670478312541464219389836276688422e-158
4.7126873244595070967888491768232937839e-158
5.5750549620197395800545071747532050226e-158
6.6977482799213505699284024515369056137e-158
8.1971515286709125135585602027672705095e-158
1.0262779203616885767348387539121475646e-157
1.3220239227523290771939931415646813095e-157
1.7667873276757497452129881469154455918e-157
2.4805015698787323570178147643646196107e-157
3.7334113710901585970214731438322113403e-157
6.2452811340537749324398307313084336980e-157
1.2507453971641712793236241596103358637e-156
3.6568646494047838628566995972342354912e-156
4.3451509845788891799483976101763059715e-155
2.0750847753183829390890323540262190368e-155
2.8654261550170468034442528432323045398e-156
1.0806062671160670664146020135847326662e-156
5.6260517405080745504774302468534948671e-157
3.4422161140783949489279696412996925382e-157
2.3210549139607211405965524876816063082e-157
1.6702055155404383904469538725669348010e-157
1.2591589215423139999541667270212205423e-157
9.8309545785290618326814149586595712854e-158
7.8878562025765614417906922643256818858e-158
6.4686817130039662344217716310537125604e-158
5.4007036792552556683397114895101064728e-158
4.5769247043077656101179906062506399079e-158
3.9281959449862949173843031847772974918e-158
3.4082179944463814297936387627194529752e-158
2.9850448104930208016826424015794226218e-158
2.6360572050060581108238352113316944185e-158
2.3448762476103525784283661185699704421e-158
2.0994058345494723524810121017605844153e-158
1.8905558673205948034419403955090567484e-158
-534755105823992025380875413872166101196434002557084525536974973527597026681081195753624168422880938042904636426289584293485572631718372588362010059125
4.2864013401452249964052933312247582521e-160
4.7506527354592909564031377604296977807e-160
5.2946239440924088492238691907225408478e-160
5.9376695503168119823526473033933485068e-160
6.7053952217862764831837213917619539737e-160
7.6322467445464127364067201263134075680e-160
8.7654422415288704059983183326531164625e-160
1.0171107260866105239511186307788497790e-159
1.1944144847402270877423177812096658586e-159
1.4224684691294354265431980944885617357e-159
1.7226645775890448296079142730352360447e-159
2.1289793553208025213875492976641168465e-159
2.6980283775996440355979758080872706237e-159
3.5299116683777586070718991749130214143e-159
4.8154434712526918682271149377945095367e-159
6.9561839457866476020639992924512165199e-159
1.0920777839551735551787989769209176710e-158
1.9569487279302128066694192130187856871e-158
4.4740425928528288735774304821161272426e-158
1.8789421404082751822380347508083425478e-157
7.7290765388946071864159507969303655361e-155
1.5567754115286083127938995266604201350e-157
4.0726675310912651558830135811190733218e-158
1.8380957288147777334700580815198533362e-158
1.0419474390660307388081203109234223903e-158
6.6995420830480217469568163872773151294e-159
4.6669318909289861249493151459976391035e-159
3.4363913844641874923037421450163653755e-159
2.6353784169853386486425255075991280598e-159
2.0849789227798336163924375096104296687e-159
1.6905885945233027763343512429076487173e-159
1.3983694929936437619756289811040679123e-159
1.1758522450032402821447012354042726105e-159
1.0025110880533533521176594060645793058e-159
8.6485497877939617770487082796901346291e-160
7.5372091262864114069297763245249101659e-160
6.6270868235122002545090498397252988377e-160
5.8723834588127074105805325355039637349e-160
5.2396256522318290143214268370941306904e-160
4.7038894186381240925525526915156639703e-160
4.2463076892032944102872810177257764838e-160
-1351461345363113018490404872757054269138036477580601903069496951444474377223887646406375832774210355323289681021782504518273697930652848713169910258016
7.5430211151630319777395757044204522868e-159
8.3485713451767549321920744274693322689e-159
9.2904067569349134063202880570658949472e-159
1.0401097841114036713966741863823465796e-158
1.1723559845916043509643446638066149875e-158
1.3315261356347969840842323603146519712e-158
1.5254574789043240559103701155823844752e-158
1.7650611646486845766048903551792323942e-158
2.0658912416694454846628270258019961937e-158
2.4507341229831404417398942461062643838e-158
2.9540540546405728745494544889227786697e-158
3.6299865814772007275573123600981102041e-158
4.5675278948584526494669176463868622656e-158
5.9214013318480187197202528750227646260e-158
7.9802407066956962418753934637202634703e-158
1.1334206957421109856376889526787345495e-157
1.7350293583637425566464690190388567491e-157
2.9822471714305515658474723016096927709e-157
6.2829700151779054579073258324207403633e-157
2.0882286045293336033883393827093275011e-156
6.6717638521428035767183028855943928028e-155
5.0013687073849328457398981547648477399e-156
9.6735659684102943698831511676061679979e-157
3.9739505951257457298099594616021129935e-157
2.1515216865592710167068773963798398068e-157
1.3462208358908200679932844000409320479e-157
9.2103308269008612715610791200370031324e-158
6.6955074372469845656505673580505001128e-158
5.0858891655960203075287662293917592285e-158
3.9939378989427393861438765971800695347e-158
3.2193170348198847125564468314178027868e-158
2.6499981547948615663934978366222431315e-158
2.2193565585174367560583465151759722840e-158
1.8857543320741126513319821061157195728e-158
1.6220839048786502335722761585366129348e-158
1.4100822242076454494291917647161299038e-158
1.2370809875083912027868676603349140252e-158
1.0940692149359930391100979664073780822e-158
9.7449566988671952776956270365020695344e-159
8.7350500979226165810706857301987265827e-159
7.8743700655028502618132069516609528296e-159
2524142339307184569576732526341921387331880789650667089112933947672515017993478352060110651342530565277692481250061307996159949491183138245256044845535
2.0744440402696227962096438143984929127e-158
2.3047656189741598781734864225833034099e-158
2.5756883911739546434498023030127425097e-158
2.8973477654202531692358215179589004258e-158
3.2832511000300366402457012052159539458e-158
3.7517192339580418368500221170725808771e-158
4.3281017768701828726008470607160049260e-158
5.0482799457705125236316206459976931228e-158
5.9643890057493229818692626749267052913e-158
7.1545262839328056085835354377247819257e-158
8.7399642514984147416041836179260453363e-158
1.0917313594663165806937742226130410707e-157
1.4022550692079936183659541072495993640e-157
1.8668846376512598228025699700103428686e-157
2.6074231709510779250954443542476111670e-157
3.8949450401562715379389682030115421472e-157
6.4383371193951988383141934840148148606e-157
1.2618274706397872402919138682770066106e-156
3.5045150764738405851331367614494842570e-156
3.1515398487845569656795221040391169357e-155
3.1591201117722513327313324096909359593e-155
3.5073225794837465301234133538103804911e-156
1.2624338912588168713494219801484230296e-156
6.4405471070426423310637891101043645043e-157
3.8959848560117778440708231766436679590e-157
2.6079926869213500949840269202260485322e-157
1.8672296653049460406084971304976854736e-157
1.4024796694315027314863434398030222181e-157
1.0918856492594786040218632310789539999e-157
8.7410694064093749714254592644385174897e-158
7.1553447978655912917392212414057044836e-158
5.9650120235457777685936629399055320750e-158
5.0487650822522966863518682650326544913e-158
4.3284868938506548179208802202154859293e-158
3.7520300403677195724890156392692176849e-158
3.2835055479345990360557683779268348142e-158
2.8975586972599768378390405902859407184e-158
2.5758651901832512492647254435311271029e-158
2.3049152696863214956250106890908081397e-158
2.0745718282890216939422640392255405917e-158
1.8771082748305080687365499196355414782e-158
-4964595961190651408771157738601814795570031280863311625901436252190660573887724198603002703824079343742194585363798979588932812834156715347504598837058
7.2177815360659174282933743130894101802e-159
7.9888279433619484194385307591485281585e-159
8.8903631530126142151307420063514552303e-159
9.9535827914568056996575631829466429588e-159
1.1219594081973574775295753040407930204e-158
1.2743449725352922360856845284728625807e-158
1.4600235617189954703921481976056885046e-158
1.6894500588185537817448651362079399478e-158
1.9775302058916121663892307854520011027e-158
2.3461042497108112051838194609037373470e-158
2.8282117587851023504082762269579888288e-158
3.4757624153835323501317114507633588531e-158
4.3741171481635911306905259481247378782e-158
5.6717309874575954819868464657151455277e-158
7.6456677030812893714351695498501271972e-158
1.0862765988991486626048565117362818846e-157
1.6637080814316472649520298782528630516e-157
2.8620192937238644006198997602886453456e-157
6.0391631637584363206335197608583674440e-157
2.0155768311526924891899648421036314988e-156
6.7256118027767075523778595024828545398e-155
4.7157243119144412640954674942015416429e-156
9.1937133202476253985172085051791506922e-157
3.7853002162829384708123020840331637975e-157
2.0515546224472034566524094599404060405e-157
1.2844618646864493642883067689450557044e-157
8.7913431983893229255486717418352183553e-158
6.3927394996392245838120018105531964130e-158
4.8569338762385786721751054824310654302e-158
3.8147625093169873881444683091593737929e-158
3.0752919913139024887220053338262572899e-158
2.5317110339118345480637650381164999754e-158
2.1204781431241788139794510513195947896e-158
1.8018723555574494765069776553254288666e-158
1.5500287124827641891801365545147105478e-158
1.3475182745053041785707331644889353647e-158
1.1822495061073569180179364899361934489e-158
1.0456205595959995030881647794598321542e-158
9.3137693455230522811672436072945893445e-159
8.3488274231719932069374552513442513384e-159
7.5264287816721228554247201967294409976e-159
7202860300982720873392141608279151476635564509730516493845126095321178492677554018139558657669954638544057818414609810786218405128115457358797876458108
1.4176961821898443010097073478896475294e-158
1.5734975880049389546075699244002442128e-158
1.7564679943479923831167110100442995477e-158
1.9733121970637109599055371897226100566e-158
2.2329384688405935029030367567350226732e-158
2.5473883014654012121435917897640591132e-158
2.9332582193978588002320605500254991760e-158
3.4139354693361689021775028877765667598e-158
4.0232270629762942878540960947798328673e-158
4.8114707629493412369104873996444430040e-158
5.8562759558974105358637278663735995226e-158
7.2823845312970488525965951429610738912e-158
9.3007081996369638850138512120505656014e-158
1.2291039386359574141580944857945527660e-157
1.6994712781638820575158793047512370069e-157
2.5022563285109727082489914886049020830e-157
4.0442623138332842744325652126768617230e-157
7.6166098862994432375984921372038861291e-157
1.9333501426995154518219281841216663559e-156
1.1683710028749029470874226385484517692e-155
5.5626074350171211566243669251275297476e-155
3.1806548063628086286310595922457272911e-156
1.0257886159285088720296748234338707982e-156
5.0016147102357639139896218427926910636e-157
2.9516944944078576019285942951367283856e-157
1.9453548964772237179520044864388920572e-157
1.3779701021031931656495874468224392213e-157
1.0269377744676169744278086773386328986e-157
7.9476341501548774144136070243332159724e-158
6.3326936132249141186703193715615160377e-158
5.1642723430935655316645541004700609753e-158
4.2917365753756667462696089544097449552e-158
3.6230038475093528083285891477234107685e-158
3.0992129824848011374189599781886272584e-158
2.6813143706929784263459049560336713990e-158
2.3425752399758141187565951615197351147e-158
2.0641956540269794720395400521967417679e-158
1.8326426158413694662549073352004763766e-158
1.6379737196966692105557955910830759362e-158
1.4727517917252328972522830826681496557e-158
1.3313238643982967820053916750040264124e-158
23509574957269923918115946223877459294585609647291032982283309512829182178231449113392458908223414192418232804487532459850384252864727531139446023394592
1.5734111982407479129521923423783128924e-158
1.7465805849789022082002389141309164549e-158
1.9499947907428590618177782349985025613e-158
2.1911300319902989870846878188291923381e-158
2.4799238591848013964683651636341293986e-158
2.8298156605321499711242541594239658850e-158
3.2593389754305192072147331442640256716e-158
3.7946272813119293625425738800885032060e-158
4.4734851964209013944699963655541208118e-158
5.3522513186244250272249236691376576313e-158
6.5178756650875181383958375414742409308e-158
8.1102853141856418624716864175038202303e-158
1.0366424680905303474739393033207118526e-157
1.3713777128695758039043685021491899637e-157
1.8988838930866063067792866900124417277e-157
2.8015360183384181062060266624929634905e-157
4.5421632596161122810769275921592654759e-157
8.6012440583173232533128795781843036634e-157
2.2096733696508196741192300084103627721e-156
1.4006914036069942070861987516888292025e-155
5.2258254932156765357910809952375605901e-155
3.3808588240580869877417242457983213154e-156
1.1094658803698508479824802830755987956e-156
5.4472429584655282846845473490043967031e-157
3.2266888834520605001349808699392376974e-157
2.1315516806204856325445253645527798153e-157
1.5122670860453990199139114734567029080e-157
1.1283289443598960772677106305757756534e-157
8.7400030662741423914945175315586611723e-158
6.9688702736971249473965537471984233005e-158
5.6862387964676318464333282385507206025e-158
4.7276828100367635282513254732379956362e-158
3.9925563039850285983908716094002127088e-158
3.4164541712422722917472351966580613670e-158
2.9566098831420966897239791072857793978e-158
2.5837233811780307120361761723492670516e-158
2.2771754774000286347122996374104017868e-158
2.0221149424136775622749862669832189679e-158
1.8076252985891269864218532336794165815e-158
1.6255370313063623312396849621039255743e-158
1.4696380061695029877286639045693339632e-158
36573822785828580133638481733480943330317802535670432337906098894923282783195708708678538507019159648699096216866092978431997351996716498309214018314890
4.1753829168921468293181839549176528787e-159
4.6301690312213638608416090026582983909e-159
5.1635166987254901158720175891334822060e-159
5.7946202734953071218299339131654897540e-159
6.5489152913558952763791020771745402058e-159
7.4606820526860821636621503691937596195e-159
8.5770103995477054496412316493976391227e-159
9.9640041870764076507034202744408153972e-159
1.1716797335007588509530554136268010357e-158
1.3976312777429139349783512143899317905e-158
1.6958498955464952339803538178000717728e-158
2.1007911047231800677758210779083565674e-158
2.6701894153543422543995521834375218913e-158
3.5068380379936271816642997060195655463e-158
4.8084585445354872345305076085276525186e-158
6.9962198482261396944705681124253041924e-158
1.1103758691077872765146803201599517117e-157
2.0266444798967169020436392051959473331e-157
4.8115126723561515540175164943251227693e-157
2.2820047541140262819236123778238716116e-156
7.2188199810575663073317390326366240668e-155
1.2418149442086843776641886381181374423e-156
3.5555909117699781670852222188982633348e-157
1.6568773139869346027854891911255316541e-157
9.5472625743643777799722518941717226494e-158
6.2001115935921571170807633327106403509e-158
4.3480045119211118917151489959495640435e-158
3.2169702469025367140517234843103698718e-158
2.4760429869653330480781250135754824886e-158
1.9644562473785284459698155111015649512e-158
1.5964724120053454187918811052015562351e-158
1.3229734103368502937335017961092775698e-158
1.1141776256139893988244525130167156291e-158
9.5117557134102837871004162398969004810e-159
8.2149284094920981404465325639042271915e-159
7.1663048081462609858541738305471090715e-159
6.3063618664900195334908867045215890571e-159
5.5924060194847467145917797570148103916e-159
4.9931700416508819583725649410478435995e-159
4.4853305154008398421074544087088489354e-159
4.0512035230646694219871038939767870327e-159
95878474965451619830505794910566064604140889847019196682148467894507798898013742697587798722400901212524432561221235902244957600985987644067664744442252
1.9578347639937763043620218054417117968e-159
2.1681811758746057528836183225886616142e-159
2.4143412905358164812018818060442614238e-159
2.7049319207138074821648094647820534360e-159
3.0513263200548234548508791737039046973e-159
3.4687841842615526453906251059440390398e-159
3.9781614810013352475072102606251541202e-159
4.6085668441538579073878336912705652425e-159
5.4016144517310938484622616121520746462e-159
6.4184720675472107016166415744784704012e-159
7.7520193303244276137603069671695336909e-159
9.5488350731937305637172034197716320351e-159
1.2051266583446402832219082449674291143e-158
1.5683645359641383379381239428767501922e-158
2.1244779582905579451309100902994741562e-158
3.0387811460187461714896423334955986425e-158
4.7007241473242203094410500094961735856e-158
8.2192577927180687409644521342157579846e-158
1.7896698760259293452631586567599022975e-157
6.5081281537342834312360150806064532168e-157
7.5182492089753567267093271949455069027e-155
9.8240971833098812977255033447472616325e-157
2.1976317338785048098177282438605855630e-157
9.4244986091202415575095927995662609220e-158
5.2086646885194421891781360296280244533e-158
3.2987235090212362935626287896741912866e-158
2.2748688607461294087648866490673121582e-158
1.6630566508478094480407040513035092055e-158
1.2685565903503025551319094909700078456e-158
9.9942930076442464897071146221693138523e-159
8.0767421307463510355867121972847362393e-159
6.6624322012760626873867828347789227692e-159
5.5895206531653197474980347376497382564e-159
4.7563569648490747532641772877118933559e-159
4.0964884942854108482856962328439445050e-159
3.5649870969687153061467828670194900493e-159
3.1305941795258554930279098604034581608e-159
2.7710174294070352596618188359936741530e-159
2.4700126811111676528024937500951341815e-159
2.2155165583052898063593562733752510799e-159
1.9984187067997387524523808548769215244e-159
151238105411077572329436925148754833800699085524537540273279866757856274325156152199134140960529128397004774612428886177813852222309733755843768913991469
1.4338995258204298528559937405624445012e-158
1.5915059381468568184290975817396001214e-158
1.7766005938280283300246237598775949194e-158
1.9959682455318470304402424518307756473e-158
2.2586238108154422097880395579645942936e-158
2.5767535606744212124408043833108929325e-158
2.9671545429296536480616283635568459738e-158
3.4534981505136489889990951747427329925e-158
4.0700047694473297735511881525838930323e-158
4.8676322468919679424540817299868376630e-158
5.9249543682956774745384377477170521816e-158
7.3682793093011856037220932598483726072e-158
9.4112007014700991627237820123632663369e-158
1.2438416744055419706686992267865328782e-157
1.7201032009518996262422980398589728447e-157
2.5331683631021376000763931792941691902e-157
4.0955560665101959855237583264015302076e-157
7.7175925997951857657204381787594888120e-157
1.9614173876342840869891621622211338790e-156
1.1911213291518580700971197069935173477e-155
5.5254144928592631770368422271901727005e-155
3.2023933520127344955135258701391548912e-156
1.0347047408853025816559978230412444675e-156
5.0487795757813486022007179253014229071e-157
2.9806981926649449507905029350695806261e-157
1.9649510827019367153704521872128097705e-157
1.3920836550962003815596249749588293949e-157
1.0375820479380906008830229976465388287e-157
8.0307530891894786679622009642939033561e-158
6.3993868254772979275866425802729611902e-158
5.2189651895639372858547313514972582571e-158
4.3373973698555173025391224687533549482e-158
3.6616973732191535459589057455039589587e-158
3.1324196983313952059766306418666330799e-158
2.7101233159181435643265640931225018755e-158
2.3678052972778207637567826053195933250e-158
2.0864743857182960426604247207589261706e-158
1.8524590286078896724902161051927093904e-158
1.6557144870456229456437923080104219738e-158
1.4887266818757884884115755588319991303e-158
1.3457839477163540589906857929844154077e-158
-357611097114184941015624476300118616872978738173145645741693127500223329156226400653487112565856716702392103682039935789236783502929925266996889794339599
1.4172035494814226113550722837660376425e-158
1.5676183351595075057802759872230199508e-158
1.7433149115380948853519260218634286262e-158
1.9502936409485458905471491368942043556e-158
2.1964467033211395039095373656811920082e-158
2.4923217331622441795380512375550229964e-158
2.8522708484154627357623925978654064434e-158
3.2962245093829799299508680446780606662e-158
3.8525109868566948986284960570864862736e-158
4.5624900681323249043827854106846942580e-158
5.4884690182128477949113247492538867481e-158
6.7278540339357519473386478091603694866e-158
8.4398543012615133479631285781801527939e-158
1.0899285859115202936043837498457107020e-157
1.4614152089326946772753924692319777902e-157
2.0610679704216904722066026927141540145e-157
3.1226318413519967729851273915701449507e-157
5.2787103979085363901555263399256364980e-157
1.0778424985145397965528747487420497590e-156
3.3051450281133643634526725693237102300e-156
5.3362289364531634642519170944000149497e-155
1.3102199544235444589456340865460300506e-155
2.1038976361105527661108559220376341748e-156
8.2257438636175072603132538533363152135e-157
4.3525860207266972463153148980249016213e-157
2.6876836586286773298792958044738380596e-157
1.8230645869919220492184983589960494686e-157
1.3173036109480368554630932173696601148e-157
9.9614872936829565676867696296502676488e-158
7.7957751356945857944010471542425600025e-158
6.2665821582820622925221760137336029652e-158
5.1468750352869414809590344252426414294e-158
4.3025056645980683863938449957396324090e-158
3.6500776320114381984956078627378278806e-158
3.1355347349243054100647834493174921426e-158
2.7225924969146195258468642939060415239e-158
2.3861615361671806006618390465509235855e-158
2.1084446334471892571148105767509676936e-158
1.8765337108793771876882001798114292640e-158
1.6808823765336594974245317600855853726e-158
1.5143075468212645259103685200457518413e-158
-726686254431656853059442685540727781855927403827074723918815795590247581339778452069986129168113887761829509174795898614175939643088798930344769999924145
1.3071021266405653796426077778778135320e-158
1.4506251241832178736535916201862795612e-158
1.6191530674501165635300332723739486107e-158
1.8188507092114556812207757511164326330e-158
2.0579067021171772044490804029847244864e-158
2.3473866247725402859448691960881021563e-158
2.7025369398870796185829414543786011382e-158
3.1448344060742403121990202228683411247e-158
3.7053109620515317983278651417376186634e-158
4.4301490485540216948011291230522984634e-158
5.3905089354473386769149658894961461522e-158
6.7006845072854953976382268140730477906e-158
8.5537513153872438923208942609109524731e-158
1.1296996851123092915662026795325609689e-157
1.5607326423007205424761279526532376522e-157
2.2952684658746650328507023870829068948e-157
3.7029704588895134405877970174554202271e-157
6.9517594969661995029513295632375349268e-157
1.7524209769694740207844666188998360221e-156
1.0309509817577968511506921067829010754e-155
5.6945039800483513000149821313989024759e-155
3.0090749190019618368083818180021625529e-156
9.6033841157244646032461804369625899735e-157
4.6631450560497006916476340365947211874e-157
2.7458530015878023299024455741227956600e-157
1.8071940903326441591101716263087342698e-157
1.2788985247997739044191442998551984933e-157
9.5245155644605652869908855647056836797e-158
7.3673405772228450489118945304993771574e-158
5.8679176961005646096647554010703977911e-158
4.7836758775971490138629640245245334058e-158
3.9743674798352795766185182884256406040e-158
3.3543257208982121836578748097906050953e-158
2.8688255658470722074088379064797931418e-158
2.4815809233827924972727910321336291848e-158
2.1677622578212821228804033216552365846e-158
1.9099149830022845954234766632415358514e-158
1.6954788613046957784829234925203588476e-158
1.5152289406983173879933718971508130429e-158
1.3622665682034110895741355090623977408e-158
1.2313493563323664889859543927585959353e-158
1542272223007881433455947794454665846696658577906868887834618169532539497934188620537153989991915141832519090797519600669363047830714728908059435935791874
1.8084603352012128754431438600949218349e-158
2.0082597675243023714795830311821978757e-158
2.2430961397308632077558827728650130755e-158
2.5216673927614900686462800137944307843e-158
2.8555481100332617749119708990678346387e-158
3.2604115364478698512294801908742134653e-158
3.7579030780847315754547299784310729665e-158
4.3785946999076254076001022971376451384e-158
5.1667964312202665214592448967414333944e-158
6.1886895738594408771649840902790716891e-158
7.5466863552859101846914622412075786124e-158
9.4061252590290269402215350062266833935e-158
1.2048085610776709113690246295667035761e-157
1.5982203188436543398104297434231675399e-157
2.2212213814646796882234598740551842928e-157
3.2945913458567929304775481736942653598e-157
5.3858701298787526609810270621244424084e-157
1.0348487521346404055172352369762121860e-156
2.7463354949340069682146528734804823600e-156
1.9959858171673956780477326717163801663e-155
4.1217163200533628339853809258380848348e-155
3.4891212406734909989171008200168656056e-156
1.1945566063468388051172072226719425644e-156
5.9671622255120560052004712783361262993e-157
3.5679518066858109631802899547243284289e-157
2.3709039203036622071078506778483375973e-157
1.6888882199160504159934765059381257945e-157
1.2638244157091265886320113839100364444e-157
9.8115107674107937780491895282889365215e-158
7.8370450952746757150576935995534384755e-158
6.4037318187276308726203700949092057028e-158
5.3304734192447042031614298563449674494e-158
4.5060456261884473897537820317364373897e-158
3.8590762472078146538549273231879022908e-158
3.3420617923196291903406145045662863476e-158
2.9223920922451356781854523397358550792e-158
2.5770791803197895738599551059868502372e-158
2.2895409293021119962795072798227256962e-158
2.0475725299639510721596096221082195688e-158
1.8420296807225630985229465030210695999e-158
1.6659517823079237503266853706335286059e-158
3351465540657606620646840886533826895389842987997686328888253213357824933267552896519047967044011857930119084257515754432846690456951715444103804000245193
7.8508651348475853246278259865470873085e-159
8.7104485006850208836157188950022233737e-159
9.7193386894196746928872147493523089676e-159
1.0914228149684196886620788845297709764e-158
1.2343814465749059303272460559254211900e-158
1.4073841797677099366610934448378142095e-158
1.6194796925167354214327134929694633446e-158
1.8833986388905370386149048782781064605e-158
2.2175095367065944066309207314098127101e-158
2.6491035179956069013846723296339227771e-158
3.2201496228940639374143018659318998836e-158
3.9978971265369480041928785937664963276e-158
5.0956203396881457695481994907980528885e-158
6.7163245070956061726085563589532494034e-158
9.2538185520078432837377771441274312997e-158
1.3556642956808179815142889856837383759e-157
2.1741876549616530819284610185556010472e-157
4.0400214311074028829559176990301214089e-157
9.9611152807055304758728496496743822383e-157
5.3929646787566674656145881284007240473e-156
5.0495514859827091043955302419947259326e-155
1.9722521086168071709720858808961794286e-156
6.0712058002532656333100071754486600556e-157
2.9069278957034107469231488542055033347e-157
1.6989898894219641952855458556811477862e-157
1.1130284293726743322434231115227780179e-157
7.8517608925047024530824359292493045952e-158
5.8341863872624086628723260344118645082e-158
4.5049999707265498094718610390606083659e-158
3.5832507254986030240597073455944485641e-158
2.9179584756652034546021532726684874027e-158
2.4221106689546611037914950429130137221e-158
2.0426952583667694806627112521255197258e-158
1.7459196187008787726975175731732663112e-158
1.5094171830936846110625646266887273939e-158
1.3179064250360878927319961087202091760e-158
1.1606588642250020249612897223478412138e-158
1.0299631464881475764742128637246394222e-158
9.2016129450659624033854293702362371580e-159
8.2702588769073078634134481384927684014e-159
7.4734699259292873628974576374610659432e-159
4648568307795651844054749917648026138364920260218714689284147654999414467033990689350250151056424483233372074669332113589111948510299791314201662948641508
1.0991118147498198723349475062852684742e-158
1.2202744292336939630025115857550382913e-158
1.3626346414112443169238791674531421394e-158
1.5314417445546262913400978988725497106e-158
1.7336765374821394198740885340614431531e-158
1.9787848066091901631993450527578573632e-158
2.2798006552987530241380023855512986329e-158
2.6551158026013352923157216900888786590e-158
3.1313570771539932865094225138103947182e-158
3.7482426554433237390119235744526675551e-158
4.5671399023321892900980114528475636584e-158
5.6869390903112467949815600345481110670e-158
7.2753724375465712738243301100363766190e-158
9.6356859306058253486921235335996773417e-158
1.3362884143771618660690091584216824625e-157
1.9759022883694338351068321730647833751e-157
3.2146256770094607973542106067034888283e-157
6.1243599212758987845718208289644965719e-157
1.5946323234462511946020639279955756668e-156
1.0681201281869562751984467771496027080e-155
3.0883680272494801880489225049121414763e-155
2.2554260836430150084400703131938495062e-156
7.5380140645149932349057167690026595747e-157
3.7284467491137013079827893434853242674e-157
2.2173965765028753789466696867370730314e-157
1.4684842244605646812486977445565487264e-157
1.0436309668124664767082671029237712216e-157
7.7964455403676178298171075387845731046e-158
6.0448443998610265615720436546821465310e-158
4.8234783603937873359961037698696912982e-158
3.9380824773794168236510468085681440874e-158
3.2758476952636862895440788884670155976e-158
2.7676245170185513627297655984577134574e-158
2.3691109570103555006670218699862097626e-158
2.0508603922116685261396892994184143172e-158
1.7926814831900287300130389076802224858e-158
1.5803547703622302253573361367364122066e-158
1.4036320360694001452182844428670155016e-158
1.2549760853506152819885491412794861723e-158
1.1287435638090804456167238469456040221e-158
1.0206413539594186319582387206247403161e-158
